<record><leader>00000cas a2200000 a 4500</leader><controlfield tag="001">42722022</controlfield><controlfield tag="006">m     o  d        </controlfield><controlfield tag="007">cr cnu||||||||</controlfield><controlfield tag="008">991028c19909999maudn neo     0    0eng c</controlfield><datafield ind1=" " ind2=" " tag="010"><subfield code="a">sn 99048683 </subfield></datafield><datafield ind1=" " ind2=" " tag="040"><subfield code="a">WAU</subfield><subfield code="b">eng</subfield><subfield code="c">WAU</subfield><subfield code="d">OCLCQ</subfield><subfield code="d">WAU</subfield><subfield code="d">OCLCQ</subfield><subfield code="d">OCLCF</subfield><subfield code="d">OCLCO</subfield><subfield code="d">OCLCQ</subfield><subfield code="d">OCLCA</subfield></datafield><datafield ind1=" " ind2=" " tag="066"><subfield code="c">(N</subfield></datafield><datafield ind1=" " ind2=" " tag="019"><subfield code="a">59223217</subfield><subfield code="a">524838447</subfield></datafield><datafield ind1="0" ind2=" " tag="022"><subfield code="a">1606-5484</subfield><subfield code="l">1560-0823</subfield><subfield code="z">1606-5506</subfield><subfield code="2">0</subfield></datafield><datafield ind1="1" ind2=" " tag="029"><subfield code="a">AU@</subfield><subfield code="b">000041225569</subfield></datafield><datafield ind1="1" ind2=" " tag="029"><subfield code="a">NZ1</subfield><subfield code="b">13668803</subfield></datafield><datafield ind1=" " ind2=" " tag="042"><subfield code="a">pcc</subfield></datafield><datafield ind1=" " ind2=" " tag="043"><subfield code="a">e-ru---</subfield></datafield><datafield ind1="0" ind2=" " tag="130"><subfield code="6">880-01</subfield><subfield code="a">Rossii&#774;skai&#65056;a&#65057; gazeta (Online)</subfield></datafield><datafield ind1="1" ind2=" " tag="210"><subfield code="a">Ross. gaz.</subfield><subfield code="b">(Online)</subfield></datafield><datafield ind1=" " ind2="0" tag="222"><subfield code="a">Rossijskaa&#770; gazeta</subfield><subfield code="b">(Online)</subfield></datafield><datafield ind1="1" ind2="0" tag="245"><subfield code="6">880-02</subfield><subfield code="a">Rossii&#774;skai&#65056;a&#65057; gazeta.</subfield></datafield><datafield ind1="1" ind2=" " tag="246"><subfield code="i">Some providers list under title:</subfield><subfield code="a">Rossiyskaya gazeta</subfield></datafield><datafield ind1=" " ind2=" " tag="260"><subfield code="6">880-03</subfield><subfield code="a">Moskva :</subfield><subfield code="b">Rossii&#774;skai&#65056;a&#65057; gazeta</subfield></datafield><datafield ind1=" " ind2=" " tag="310"><subfield code="a">Daily (except Saturday and Sunday)</subfield></datafield><datafield ind1=" " ind2=" " tag="336"><subfield code="a">text</subfield><subfield code="b">txt</subfield><subfield code="2">rdacontent</subfield></datafield><datafield ind1=" " ind2=" " tag="337"><subfield code="a">computer</subfield><subfield code="b">c</subfield><subfield code="2">rdamedia</subfield></datafield><datafield ind1=" " ind2=" " tag="338"><subfield code="a">online resource</subfield><subfield code="b">cr</subfield><subfield code="2">rdacarrier</subfield></datafield><datafield ind1="1" ind2=" " tag="362"><subfield code="a">Print began in 1990.</subfield></datafield><datafield ind1="1" ind2=" " tag="362"><subfield code="a">Electronic coverage as of Oct. 20, 1999: Sept. 06, 1996-</subfield></datafield><datafield ind1=" " ind2=" " tag="538"><subfield code="a">Mode of access: World Wide Web.</subfield></datafield><datafield ind1=" " ind2=" " tag="588"><subfield code="a">Description based on: Sept. 06, 1996; title from contents page (viewed Oct. 20, 1999).</subfield></datafield><datafield ind1=" " ind2=" " tag="588"><subfield code="a">Latest issue consulted: 20 okt. 1999.</subfield></datafield><datafield ind1=" " ind2="0" tag="651"><subfield code="a">Moscow (Russia)</subfield><subfield code="v">Newspapers.</subfield></datafield><datafield ind1=" " ind2="0" tag="651"><subfield code="a">Russia (Federation)</subfield><subfield code="v">Newspapers.</subfield></datafield><datafield ind1=" " ind2="7" tag="651"><subfield code="a">Russia (Federation)</subfield><subfield code="2">fast</subfield><subfield code="0">(OCoLC)fst01262050</subfield></datafield><datafield ind1=" " ind2="7" tag="651"><subfield code="a">Russia (Federation)</subfield><subfield code="z">Moscow.</subfield><subfield code="2">fast</subfield><subfield code="0">(OCoLC)fst01205741</subfield></datafield><datafield ind1=" " ind2="7" tag="655"><subfield code="a">Newspapers.</subfield><subfield code="2">fast</subfield><subfield code="0">(OCoLC)fst01423814</subfield></datafield><datafield ind1=" " ind2=" " tag="752"><subfield code="a">Russia (Federation)</subfield><subfield code="d">Moscow.</subfield></datafield><datafield ind1="0" ind2="8" tag="776"><subfield code="6">880-04</subfield><subfield code="i">Print version:</subfield><subfield code="t">Rossii&#774;skai&#65056;a&#65057; gazeta</subfield><subfield code="x">1560-0823</subfield><subfield code="w">(DLC)sn 91026628</subfield><subfield code="w">(OCoLC)24356412</subfield></datafield><datafield ind1="4" ind2="0" tag="856"><subfield code="u">http://www.rg.ru/</subfield></datafield><datafield ind1="4" ind2="0" tag="856"><subfield code="u">http://www.securities.com/cgi-bin/isnews/94dec/RU/News/ROSGAZ/perx</subfield></datafield><datafield ind1="4" ind2="0" tag="856"><subfield code="u">http://dlib.eastview.com/sources/publication.jsp?id=617</subfield></datafield><datafield ind1="0" ind2=" " tag="880"><subfield code="6">130-01/(N</subfield><subfield code="a">&#1056;&#1086;&#1089;&#1089;&#1080;&#1081;&#1089;&#1082;&#1072;&#1103; &#1075;&#1072;&#1079;&#1077;&#1090;&#1072; (Online)</subfield></datafield><datafield ind1="1" ind2="0" tag="880"><subfield code="6">245-02/(N</subfield><subfield code="a">&#1056;&#1086;&#1089;&#1089;&#1080;&#1081;&#1089;&#1082;&#1072;&#1103; &#1075;&#1072;&#1079;&#1077;&#1090;&#1072;.</subfield></datafield><datafield ind1=" " ind2=" " tag="880"><subfield code="6">260-03/(N</subfield><subfield code="a">&#1052;&#1086;&#1089;&#1082;&#1074;&#1072; :</subfield><subfield code="b">&#1056;&#1086;&#1089;&#1089;&#1080;&#1081;&#1089;&#1082;&#1072;&#1103; &#1075;&#1072;&#1079;&#1077;&#1090;&#1072;</subfield></datafield><datafield ind1="0" ind2="8" tag="880"><subfield code="6">776-04/(N</subfield><subfield code="i">Print version:</subfield><subfield code="t">&#1056;&#1086;&#1089;&#1089;&#1080;&#1081;&#1089;&#1082;&#1072;&#1103; &#1075;&#1072;&#1079;&#1077;&#1090;&#1072;</subfield><subfield code="x">1560-0823</subfield><subfield code="w">(DLC)sn 91026628</subfield><subfield code="w">(OCoLC)24356412</subfield></datafield></record>